@Article{Ariely2010,
author={Ariely, Dan
and Berns, Gregory S.},
title={Neuromarketing: the hope and hype of neuroimaging in business},
journal={Nature Reviews Neuroscience},
year={2010},
month={Mar},
day={03},
publisher={Nature Publishing Group SN  -},
volume={11},
pages={284 EP  -},
note={Perspective},
url={http://dx.doi.org/10.1038/nrn2795}
}

